
@inproceedings{zhu2018implementation,
	title={Implementation of Face Recognition Based on Deep Learning Framework Caffe},
	author={Zhu, Zijiang and Deng, Xiaoguang and Hu, Yi and Liu, Dong and Li, Junshan},
	booktitle={2018 International Conference on Mechanical, Electronic, Control and Automation Engineering (MECAE 2018)},
	year={2018},
	organization={Atlantis Press}
}

@inproceedings{krizhevsky2012imagenet,
	title={Imagenet classification with deep convolutional neural networks},
	author={Krizhevsky, Alex and Sutskever, Ilya and Hinton, Geoffrey E},
	booktitle={Advances in neural information processing systems},
	pages={1097--1105},
	year={2012}
}

@article{gu2017badnets,
	title={Badnets: Identifying vulnerabilities in the machine learning model supply chain},
	author={Gu, Tianyu and Dolan-Gavitt, Brendan and Garg, Siddharth},
	journal={arXiv preprint arXiv:1708.06733},
	year={2017}
}

@article{liu2017trojaning,
	title={Trojaning attack on neural networks},
	author={Liu, Yingqi and Ma, Shiqing and Aafer, Yousra and Lee, Wen-Chuan and Zhai, Juan and Wang, Weihang and Zhang, Xiangyu},
	year={2017}
}

@inproceedings{liu2019abs,
	author = {Liu, Yingqi and Lee, Wen-Chuan and Tao, Guanhong and Ma, Shiqing and Aafer, Yousra and Zhang, Xiangyu},
	title = {ABS: Scanning Neural Networks for Back-Doors by Artificial Brain Stimulation},
	year = {2019},
	isbn = {9781450367479},
	publisher = {Association for Computing Machinery},
	address = {New York, NY, USA},
	url = {https://doi.org/10.1145/3319535.3363216},
	doi = {10.1145/3319535.3363216},
	booktitle = {Proceedings of the 2019 ACM SIGSAC Conference on Computer and Communications Security},
	pages = {1265–1282},
	numpages = {18},
	keywords = {ai trojan attacks, artificial brain stimulation, deep learning system},
	location = {London, United Kingdom},
	series = {CCS ’19}
}


@article{dai2019backdoor,
	title={A backdoor attack against LSTM-based text classification systems},
	author={Dai, Jiazhu and Chen, Chuanshuai and Li, Yufeng},
	journal={IEEE Access},
	volume={7},
	pages={138872--138878},
	year={2019},
	publisher={IEEE}
}

@inproceedings{wang2019neural,
	title={Neural cleanse: Identifying and mitigating backdoor attacks in neural networks},
	author={Wang, Bolun and Yao, Yuanshun and Shan, Shawn and Li, Huiying and Viswanath, Bimal and Zheng, Haitao and Zhao, Ben Y},
	booktitle={2019 IEEE Symposium on Security and Privacy (SP)},
	pages={707--723},
	year={2019},
	organization={IEEE}
}